% Encoding: UTF-8

@ARTICLE {Ayuso,
    author  = "Ayuso, S. and Rodrigues, M. A. and Garcia-Castro,R. and Arino, M. A.",
    title   = "Maximizing Shareholders' Interests: An Empirical Analysis of the Stakeholder Approach to Corporate Governance",
    journal = "Business \& Society",
    year    = "2014",
    volume  = "53",
    number  = "3",
    pages   = "414-439"
}

@ONLINE {CBS,
    author = "CBS/AP",
    title  = "California Lawmakers Reject Bill to Tie Corporate Tax Rate with CEO Pay.",
    month  = "May",
    year   = "2014",
    url    = "http://sanfrancisco.cbslocal.com/2014/05/28/california-lawmakers-reject-bill-to-tie-corporate-tax-rate-with-ceo-pay-wealth-gap-income-inequality-taxes-executive-compensation-workers-salary/"
}

@ONLINE {Coco,
    author = "Coco, Federica",
    title  = "Most US Manufacturing Jobs Lost to Technology, not Trade",
    month  = "Dec",
    year   = "2016",
    url    = "https://www.ft.com/content/dec677c0-b7e6-11e6-ba85-95d1533d9a62"
}

@ARTICLE {Danielson,
    author  = "Danielson, M.G. and Heck, J.L. and Shaffer, D.",
    title   = "Shareholder Theory - How Opponents and Proponents Both Get it Wrong",
    journal = "Social Science Research Network",
    year    = "2008"
}

@ARTICLE {Friedman,
    author  = "Friedman, Milton",
    title   = "The Social Responsibility of Business is to Increase its Profits",
    journal = "New York Times Magazine",
    year    = "1970",
    pages   = "122-126"
}

@ARTICLE {GarciaCastro,
    author  = "Garcia-Castro, R. and Arino, M. A. and Rodriguez, M. A. and Ayuso, S.",
    title   = "A Cross-national Study of Corporate Governance and Employment Contracts",
    journal = "Business Ethics: A European Review",
    year    = "2008",
    volume  = "17",
    number  = "3",
    pages   = "239-284"
}

@ARTICLE {David,
    author  = "Okhmatovskiy, I. and David, R. J.",
    title   = "Setting Your Own Standards: Internal Corporate Governance Codes as a Response to Institutional Pressure",
    journal = "Organization Science",
    year    = "2012",
    volume  = "23",
    number  = "1",
    pages   = "155-176"
}

@BOOK {Roy,
    author    = "Roy, William",
    title     = "Socializing Capital: The Rise of Large Industrial Corporations in America",
    publisher = "DIANE Publishing Company",
    year      = "1997"
}

@BOOK {Reich,
    author    = "Reich, Robert",
    title     = "Saving Capitalism: For the Many, Not the Few",
    publisher = "Icon Books",
    year      = "2015"
}

@PROCEEDINGS {UnitedNations,
    title        = "Overcoming Barriers: Human Mobility and Development",
    year         = "2009",
    series       = "Human Development Report",
    organization = "United Nations Development Programme"
}
